%% This BibTeX bibliography file was created using BibDesk.
%% http://bibdesk.sourceforge.net/

%% Created for Valentin Py at 2017-05-20 17:18:33 +0200


%% Saved with string encoding Unicode (UTF-8)

@book{understanding_cryp,
	Address = {Berlin; Heidelberg [u.a.]},
	Author = {Paar, Christof and Pelzl, Jan},
	Edition = {2. corr. printing},
	Isbn = {978-1-59693-447-4},
	Keywords = {Cryptography. Computer security. Data processing. Applications of cryptology. Computers. Access control. Kryptologie. Anwendung. Student. Praxis},
	Publisher = {Springer Berlin Heidelberg},
	Title = {Understanding cryptography: a textbook for students and practitioners},
	Year = {2010}}

@techreport{bsi_vorgaben,
	Author = {Bundesamt f{\"u}r Sicherheit in der Informationstechnik},
	Institution = {{BSI}},
	Month = {March},
	Shorthand = {BSI15},
	Title = {{Kryptographische Vorgaben f{\"u}r Projekte der Bunderregierung}},
	Url = {https://www.bsi.bund.de/DE/Publikationen/TechnischeRichtlinien/tr03116/index_htm.html},
	Year = {2015},
	Bdsk-Url-1 = {https://www.bsi.bund.de/DE/Publikationen/TechnischeRichtlinien/tr03116/index_htm.html}}
